@electronic{material,
  author        = "Google",
  title         = "Material Design",
  url           = "https://www.google.com/design/spec/material-design/introduction.html#introduction-principles",
  month         = sep,
  year          = "2015"
}
@electronic{android,
  author        = "Google",
  title         = "Android Documentation",
  url           = "http://developer.android.com/guide/index.html",
  month         = oct,
  year          = "2015"
}
@electronic{api,
  author        = "APIStandards",
  title         = "API Standards",
  url           = "http://www.api.org/standards/",
  month         = oct,
  year          = "2015"
}
